@online{site:typescript,
    title   = {TypeScript},
    url     = {https://www.typescriptlang.org/},
}

@online{site:react,
    title   = {React},
    url     = {https://reactjs.org/},
}

@online{site:solidity,
    title   = {Solidity},
    url     = {https://solidity.readthedocs.io/en/v0.5.3/},
}

@online{site:ethereum,
    title   = {Ethereum},
    url     = {https://www.ethereum.org/},
}

@online{site:ethers,
    title   = {Ethers.js},
    url     = {https://docs.ethers.io/ethers.js/html/},
}

@online{site:web3,
    title   = {Web3.js},
    url     = {https://web3js.readthedocs.io/en/1.0/},
}

@online{site:hardhat
    title   = {Hardhat},
    url     = {https://hardhat.org/},
}
